//Science Related
@ARTICLE{Medina2013,
   author = {{Medina}, J. and {Blanco}, J.~J. and {Garc{\'{\i}}a}, O. and 
	{G{\'o}mez-Herrero}, R. and {Catal{\'a}n}, E.~J. and {Garc{\'{\i}}a}, I. and 
	{Hidalgo}, M.~A. and {Meziat}, D. and {Prieto}, M. and {Rodr{\'{\i}}guez-Pacheco}, J. and 
	{S{\'a}nchez}, S.},
    title = "{Castilla-La Mancha neutron monitor}",
  journal = {Nuclear Instruments and Methods in Physics Research A},
     year = 2013,
    month = nov,
   volume = 727,
    pages = {97-103},
      doi = {10.1016/j.nima.2013.06.028},
   adsurl = {http://adsabs.harvard.edu/abs/2013NIMPA.727...97M},
  adsnote = {Provided by the SAO/NASA Astrophysics Data System}
}

@ARTICLE{Garcia2014,
   author = {{Poblaci{\'o}n}, {\'O}.~G. and {Blanco}, J.~J. and
{G{\'o}mez-Herrero}, R. and 
	{Steigies}, C.~T. and {Medina}, J. and {Tejedor}, I.~G. and 
	{S{\'a}nchez}, S.},
    title = "{Embedded data acquisition system for neutron monitors}",
  journal = {Journal of Instrumentation},
     year = 2014,
    month = aug,
   volume = 9,
      eid = {T08002},
    pages = {8002},
      doi = {10.1088/1748-0221/9/08/T08002},
   adsurl = {http://adsabs.harvard.edu/abs/2014JInst...9.8002P},
  adsnote = {Provided by the SAO/NASA Astrophysics Data System}
}

@ARTICLE{NMDB2011,
   author = {{Mavromichalaki}, H. and {Papaioannou}, A. and {Plainaki}, C. and 
	{Sarlanis}, C. and {Souvatzoglou}, G. and {Gerontidou}, M. and 
	{Papailiou}, M. and {Eroshenko}, E. and {Belov}, A. and {Yanke}, V. and 
	{Fl{\"u}ckiger}, E.~O. and {B{\"u}tikofer}, R. and {Parisi}, M. and 
	{Storini}, M. and {Klein}, K.-L. and {Fuller}, N. and {Steigies}, C.~T.
and 
	{Rother}, O.~M. and {Heber}, B. and {Wimmer-Schweingruber}, R.~F. and 
	{Kudela}, K. and {Strharsky}, I. and {Langer}, R. and {Usoskin}, I. and 
	{Ibragimov}, A. and {Chilingaryan}, A. and {Hovsepyan}, G. and 
	{Reymers}, A. and {Yeghikyan}, A. and {Kryakunova}, O. and {Dryn}, E.
and 
	{Nikolayevskiy}, N. and {Dorman}, L. and {Pustil'Nik}, L.},
    title = "{Applications and usage of the real-time Neutron Monitor Database}",
  journal = {Advances in Space Research},
     year = 2011,
    month = jun,
   volume = 47,
    pages = {2210-2222},
      doi = {10.1016/j.asr.2010.02.019},
   adsurl = {http://adsabs.harvard.edu/abs/2011AdSpR..47.2210M},
  adsnote = {Provided by the SAO/NASA Astrophysics Data System}
}

@article{Forbush1938,
  title = {On World-Wide Changes in Cosmic-Ray Intensity},
  author = {Forbush, S. E.},
  journal = {Phys. Rev.},
  volume = {54},
  issue = {12},
  pages = {975--988},
  year = {1938},
  month = {Dec},
  doi = {10.1103/PhysRev.54.975},
  
  publisher = {American Physical Society}
}

@article{GleAlarm,
	title = {Implementation of the ground level enhancement alert software at {NMDB} database },
	author = "Helen Mavromichalaki and George Souvatzoglou and Christos Sarlanis and George Mariatos and Athanasios Papaioannou and Anatoly Belov and Eugenia Eroshenko and Victor Yanke",
	journal = "New Astronomy ",
	volume = "15",
	pages = "744 - 748",
	year = "2010",
	doi = "http://dx.doi.org/10.1016/j.newast.2010.05.009",
	url = "http://www.sciencedirect.com/science/article/pii/S1384107610000588",
	keywords = "Neutron monitors",
	keywords = "Solar energetic particles "
}

@misc{SolarCicleWiki,
	title = "{Variación solar --- Wikipedia, La enciclopedia libre}",
 	author = {Wikipedia},
    	howpublished = "\\\url{http://es.wikipedia.org/wiki/Modelo_Vista_Controlador}",
	year = 2015,
}

@misc{Poster,
	title = "The Neutron Monitor Control Panel",
 	author = "O. García and H. Ivanov and I.García and  J.J. Blanco and J. Medina and R. Gómez-Herrero and E. Catalán and D. Radchenko",
    	howpublished = "\\\url{https://www.dropbox.com/s/nhdbvabuswg9pgo/Poster-NMCP-ECRS2014.pdf?dl=0}",
	year = 2015,
}

@article{MedianAlgr,
	title = "Median filtering algorithms for multichannel detectors ",
	journal = "Advances in Space Research ",
	volume = "47",
	number = "9",
	pages = "1544 - 1557",
	year = "2011",
	note = "",
	issn = "0273-1177",
	doi = "http://dx.doi.org/10.1016/j.asr.2011.01.007",
	url = "http://www.sciencedirect.com/science/article/pii/S0273117711000536",
	author = "A. Hovhannisyan and A. Chilingarian",
	keywords = "Median algorithms",
	keywords = "Cosmic rays",
	keywords = "Time series "
}



//Software Acquisition Realted
@misc{Beagle,
	title = "{BeagleBone Black}",
 	author = {BeagleBoard.org},
    	howpublished = "\\\url{http://es.wikipedia.org/wiki/Modelo_Vista_Controlador}",
	year = 2015,
}
@misc{BeagleCore,
	title = "{BeagleBone Black. ARM CORTEX A8}",
 	author = {Texas Instruments},
    	howpublished = "\\\url{http://www.ti.com/product/am3358}",
	year = 2015,
}

@misc{BeagleWiki,
	title = "{BeagleBone Black Wiki}",
 	author = {BeagleBoard.org},
    	howpublished = "\\\url{http://elinux.org/Beagleboard:BeagleBoneBlack}",
	year = 2015,
}
@misc{BeagleWikiExp,
	title = "{BeagleBone Black Expansion Headers Wiki}",
 	author = {BeagleBoard.org},
    	howpublished = "\\\url{http://elinux.org/Beagleboard:Cape_Expansion_Headers}",
	year = 2015,
}
@misc{AdaFruitGit,
	title = "{Adafruit BeagleBone IO Python}",
 	author = {Justin Cooper, Adafruit Industries},
    	howpublished = "\\\url{http://github.com/adafruit/adafruit-beaglebone-io-python}",
	year = 2015,
}
@misc{AngSystemctl,
	title = "{Creating Ångström System Services on BeagleBone}",
 	author = {Matt Richardson},
    	howpublished = "\\\url{http://mattrichardson.com/BeagleBone-System-Services/}",
	year = 2015,
}
@misc{systemdWiki,
	title = "{systemd --Wikipedia, The Free Encyclopedia}",
 	author = {Wikipedia},
    	howpublished = "\\\url{http://en.wikipedia.org/wiki/Systemd}",
	year = 2015,
}
@misc{WatchDogWiki,
	title = "{Watchdog timer --Wikipedia, The Free Encyclopedia}",
 	author = {Wikipedia},
    	howpublished = "\\\url{http://en.wikipedia.org/wiki/Watchdog_timer}",
	year = 2015,
}
@misc{ntpd,
	title = "{Automatically Setting the Beaglebone Black Time Using NTP}",
 	author = {Derek Molloy},
    	howpublished = "\\\url{http://derekmolloy.ie/automatically-setting-the-beaglebone-black-time-using-ntp/}",
	year = 2015,
}
@misc{ntpWiki,
	title = "{Network Time Protocol  --Wikipedia, The Free Encyclopedia}",
 	author = {Wikipedia},
    	howpublished = "\\\url{http://en.wikipedia.org/wiki/Network_Time_Protocol}",
	year = 2015,
}
@misc{Python,
	title = "{Python}",
 	author = {Guido van Rossu, Python Software Foundation},
    	howpublished = "\\\url{https://www.python.org/}",
	year = 2015,
}
@misc{py_logging,
	title = "{logging — Logging facility for Python}",
 	author = {Python Software Fundation},
    	howpublished = "\\\url{https://docs.python.org/2/library/logging.html}",
	year = 2015,
}
@misc{Sqlite,
	title = "{Sqlite3}",
 	author = {D. Richard Hippi, The SQLite Consortium},
    	howpublished = "\\\url{http://sqlite.org/}",
	year = 2015,
}
@misc{MySql,
	title = "{MySql}",
 	author = {MySQL AB},
    	howpublished = "\\\url{http://www.mysql.com/}",
	year = 2015,
}
@misc{ssh,
	title = "{Secure Shell  --Wikipedia, The Free Encyclopedia}",
 	author = {Wikipedia},
    	howpublished = "\\\url{http://es.wikipedia.org/wiki/Secure_Shell}",
	year = 2015,
}
@misc{JSON,
    title = "\emph{JSON --- Wikipedia, La enciclopedia libre}",
    author = {Wikipedia},
    howpublished = "\\\url{http://es.wikipedia.org/wiki/JSON}",
    year = "2015"
}
